<?xml version="1.0" encoding="UTF-8"?><record xmlns="http://www.loc.gov/MARC21/slim" xmlns:cinclude="http://apache.org/cocoon/include/1.0" xmlns:zs="http://www.loc.gov/zing/srw/">
  <leader>00506cz  a2200145n  4500</leader>
  <controlfield tag="001">n  82137112 </controlfield>
  <controlfield tag="003">DLC</controlfield>
  <controlfield tag="005">20010811063233.0</controlfield>
  <controlfield tag="008">821206n| acannaab|          |a aaa      </controlfield>
  <datafield tag="010" ind1=" " ind2=" ">
    <subfield code="a">n  82137112 </subfield>
  </datafield>
  <datafield tag="040" ind1=" " ind2=" ">
    <subfield code="a">DLC</subfield>
    <subfield code="c">DLC</subfield>
    <subfield code="d">DLC</subfield>
    <subfield code="d">Uk</subfield>
  </datafield>
  <datafield tag="100" ind1="1" ind2="0">
    <subfield code="a">Plassard, François</subfield>
  </datafield>
  <datafield tag="400" ind1="1" ind2="0">
    <subfield code="a">Plassard, F.</subfield>
    <subfield code="q">(François)</subfield>
  </datafield>
  <datafield tag="670" ind1=" " ind2=" ">
    <subfield code="a">Bonnafous, A. Impact of infrastructural investment ... 1975.</subfield>
  </datafield>
  <datafield tag="670" ind1=" " ind2=" ">
    <subfield code="a">His Autonomie au quotidien, 1984:</subfield>
    <subfield code="b">t.p. (François Plassard) p. 4 of cover (b. 1948; ingénieur agronome de formation)</subfield>
  </datafield>
</record>